<record><leader>00000cas a2200000 a 4500</leader><controlfield tag="001">12190316</controlfield><controlfield tag="008">850624d18951901ksuwr ne      0    0eng d</controlfield><datafield ind1=" " ind2=" " tag="010"><subfield code="a">sn 85030594 </subfield></datafield><datafield ind1=" " ind2=" " tag="040"><subfield code="a">KSH</subfield><subfield code="b">eng</subfield><subfield code="c">KSH</subfield><subfield code="d">NPT</subfield><subfield code="d">OCL</subfield><subfield code="d">OCLCQ</subfield></datafield><datafield ind1=" " ind2=" " tag="042"><subfield code="a">msc</subfield></datafield><datafield ind1="0" ind2=" " tag="130"><subfield code="a">Neosho County journal (St. Paul, Kan.)</subfield></datafield><datafield ind1="1" ind2="0" tag="245"><subfield code="a">Neosho County journal.</subfield></datafield><datafield ind1=" " ind2=" " tag="260"><subfield code="a">St. Paul, Kan. :</subfield><subfield code="b">E.B. Park,</subfield><subfield code="c">1895-1901.</subfield></datafield><datafield ind1=" " ind2=" " tag="300"><subfield code="a">7 v. :</subfield><subfield code="b">ill. ;</subfield><subfield code="c">61 cm.</subfield></datafield><datafield ind1=" " ind2=" " tag="310"><subfield code="a">Weekly</subfield></datafield><datafield ind1="0" ind2=" " tag="362"><subfield code="a">Vol. 27, no. 48 (July 4, 1895)-v. 33, no. 34 (Mar. 28, 1901).</subfield></datafield><datafield ind1=" " ind2=" " tag="500"><subfield code="a">Published by W.W. Graves, Jan. 9, 1896-Mar. 28, 1901.</subfield></datafield><datafield ind1=" " ind2=" " tag="752"><subfield code="a">United States</subfield><subfield code="b">Kansas</subfield><subfield code="c">Neosho</subfield><subfield code="d">St. Paul.</subfield></datafield><datafield ind1="0" ind2="0" tag="780"><subfield code="t">Osage Mission journal (Osage Mission, Kan. : 1890)</subfield><subfield code="w">(DLC)sn 85030593</subfield></datafield><datafield ind1="0" ind2="0" tag="785"><subfield code="t">St. Paul journal (St. Paul, Kan.)</subfield><subfield code="w">(DLC)sn 85030595</subfield></datafield></record>